@misc{smartcard,
  title = {Smart Card Alliance},
  howpublished = {\url{http://www.smartcardalliance.org/smart-cards-faq/}},
  note = {Accessed: 28-04-2016}
}

@article{Publication2007,
abstract = {This Recommendation provides cryptographic key management guidance. It consists of three parts. Part 1 provides general guidance and best practices for the management of cryptographic keying material. Part 2 provides guidance on policy and security planning requirements for U.S. government agencies. Finally, Part 3 provides guidance when using the cryptographic features of current systems.},
author = {Barker, Elaine},
journal = {NIST Special Publication 800-57 Part 1, Revised},
keywords = {"archive,assurances,authentication,authorization,availability,backup,compromise,confidentiality,cryptanalysis,cryptographic key,cryptographic module,digital signature,hash function,key agreement,key management,key management policy,key recovery,key transport,originator-usage period,private key,public key,recipient-usage period,secret key,split knowledge,trust anchor"},
title = {{Recommendation for Key Management â€“ Part 1 : General}},
year = {2007}
}

@INPROCEEDINGS{6341374, 
author={Z. Wang and R. Murmuria and A. Stavrou}, 
booktitle={2012 IEEE 13th International Conference on Mobile Data Management}, 
title={Implementing and Optimizing an Encryption Filesystem on Android}, 
year={2012}, 
pages={52-62}, 
keywords={cryptography;data privacy;database management systems;input-output programs;smart phones;telecommunication security;Android;FUSE;I/O-intensive program;NIST certified cryptographic algorithm;PII data;SMS;data-at-rest;database transaction performance;email;encrypted operation;encryption filesystem;end user privacy;file system in user space;heterogeneous smart gadget device;location-based service;mobile device;personal identifiable information;read operation;security;smart handheld device;smart phone;social media;tablet;write operation;Databases;Encryption;Kernel;Libraries;Smart phones;Encrypted filesystem;Full disk encryption;I/O performance;Smart handheld devices}, 
doi={10.1109/MDM.2012.31}, 
ISSN={1551-6245}, 
month={July},}

@article{cooijmans2014secure,
  title={Secure key storage and secure computation in Android},
  author={Cooijmans, Tim and Poll, E Erik and Verheul, ER Eric and ter Gunne, T Ties Pull},
  journal={Master's thesis, Radboud University Nijmegen},
  year={2014}
}